@article{ORR02,
  title={Electronic excitations: density-functional versus many-body Greenâ€™s-function approaches},
  author={Onida, Giovanni and Reining, Lucia and Rubio, Angel},
  journal={Rev. Mod. Phys.},
  volume={74},
  number={2},
  pages={601},
  year={2002},
  publisher={APS}
}

@book{R06,
  title={Excitation of plasmons and interband transitions by electrons},
  author={Raether, Heinz},
  volume={88},
  year={2006},
  publisher={Springer}
}

@article{SSSK95,
  title={Dynamic and static structure factor of electrons in Si: Inelastic X-ray scattering results},
  author={Sch{\"u}lke, W and Schmitz, JR and Schulte-Schrepping, H and Kaprolat, A},
  journal={Phys. Rev. B},
  volume={52},
  number={16},
  pages={11721},
  year={1995},
  publisher={APS}
}

@article{RG84,
  title={Density-functional theory for time-dependent systems},
  author={Runge, Erich and Gross, Eberhard KU},
  journal={Phys. Rev. Lett.},
  volume={52},
  number={12},
  pages={997},
  year={1984},
  publisher={APS}
}

@Book{P64,
  title={Elementary Excitations in Solids},
  author={Pines, D},
  Publisher={Benjamin, New York},
  year={1964}
}

@article{PGG96,
  title={Excitation energies from time-dependent density-functional theory},
  author={Petersilka, MGUJ and Gossmann, UJ and Gross, EKU},
  journal={Phys. Rev. Lett.},
  volume={76},
  number={8},
  pages={1212},
  year={1996},
  publisher={APS}
}

@article{VSF89,
  title={Valence-electron excitations in the alkali metals},
  author={Vom Felde, A and Spr{\"o}sser-Prou, J and Fink, J},
  journal={Phys. Rev. B},
  volume={40},
  number={15},
  pages={10181},
  year={1989},
  publisher={APS}
}

@book{PN66,
  title={The Theory of Quantum Liquids V. 1: Normal Fermi Liquids},
  author={Pines, David and Nozi\`eres, Philippe},
  year={1966},
  publisher={Benjamin}
}



@article{AK94,
  title={Energy loss spectra and plasmon dispersions in alkali metals: Negative plasmon dispersion in Cs},
  author={Aryasetiawan, F and Karlsson, K},
  journal={Phys. Rev. Lett.},
  volume={73},
  number={12},
  pages={1679},
  year={1994},
  publisher={APS}
}

@article{KE99,
  title={Plasmon lifetime in k: a case study of correlated electrons in solids amenable to ab initio theory},
  author={Ku, Wei and Eguiluz, Adolfo G},
  journal={Phys. Rev. Lett.},
  volume={82},
  number={11},
  pages={2350},
  year={1999},
  publisher={APS}
}

@article{T92,
  title={Exchange-correlation correction to the dielectric function of the inhomogeneous electron gas},
  author={Taut, M},
  journal={J. Phys. Condens. Matter},
  volume={4},
  number={48},
  pages={9595},
  year={1992},
  publisher={IOP Publishing}
}

@article{TS92,
  title={Plasmon dispersion constant of the alkali metals},
  author={Taut, M and Sturm, K},
  journal={Solid State Commun.},
  volume={82},
  number={4},
  pages={295--299},
  year={1992},
  publisher={Elsevier}
}

@article{BP53,
  title={A collective description of electron interactions: III. Coulomb interactions in a degenerate electron gas},
  author={Bohm, David and Pines, David},
  journal={Phys. Rev.},
  volume={92},
  number={3},
  pages={609},
  year={1953},
  publisher={APS}
}

@article{LP75,
  title={The exchange-correlation energy of a metallic surface},
  author={Langreth, David C and Perdew, John P},
  journal={Solid State Commun.},
  volume={17},
  number={11},
  pages={1425--1429},
  year={1975},
  publisher={Elsevier}
}

@article{LP77,
  title={Exchange-correlation energy of a metallic surface: Wave-vector analysis},
  author={Langreth, David C and Perdew, John P},
  journal={Phys. Rev. B},
  volume={15},
  number={6},
  pages={2884},
  year={1977},
  publisher={APS}
}

@article{TSS01,
  title={Exchange-correlation kernels for excited states in solids},
  author={Tatarczyk, Krzysztof and Schindlmayr, Arno and Scheffler, Matthias},
  journal={Phys. Rev. B},
  volume={63},
  number={23},
  pages={235106},
  year={2001},
  publisher={APS}
}

@article{SRZSRP16,
  title={Accurate first-principles structures and energies of diversely bonded systems from an efficient density functional},
  author={Sun, Jianwei and Remsing, Richard C and Zhang, Yubo and Sun, Zhaoru and Ruzsinszky, Adrienn and Peng, Haowei and Yang, Zenghui and Paul, Arpita and Waghmare, Umesh and Wu, Xifan and others},
  journal={Nat. Chem.},
  volume={8},
  number={9},
  pages={831},
  year={2016},
  publisher={Nature Publishing Group}
}

@article{PRTSSC05,
  title={Prescription for the design and selection of density functional approximations: More constraint satisfaction with fewer fits},
  author={Perdew, John P and Ruzsinszky, Adrienn and Tao, Jianmin and Staroverov, Viktor N and Scuseria, Gustavo E and Csonka, G{\'a}bor I},
  journal={J. Chem. Phys.},
  volume={123},
  number={6},
  pages={062201},
  year={2005},
  publisher={American Institute of Physics}
}

@article{L54,
  title={On the properties of a gas of charged particles},
  author={Lindhard, Jens},
  journal={Dan. Vid. Selsk Mat.-Fys. Medd.},
  volume={28},
  pages={8},
  year={1954}
}

@article{ZS80,
  title={Density-functional approach to local-field effects in finite systems: Photoabsorption in the rare gases},
  author={Zangwill, A and Soven, Paul},
  journal={Phys. Rev. A},
  volume={21},
  number={5},
  pages={1561},
  year={1980},
  publisher={APS}
}

@article{LGP00,
  title={Electron correlation energies from scaled exchange-correlation kernels: Importance of spatial versus temporal nonlocality},
  author={Lein, Manfred and Gross, EKU and Perdew, John P},
  journal={Phys. Rev. B},
  volume={61},
  number={20},
  pages={13431},
  year={2000},
  publisher={APS}
}

@article{OT12,
  title={Extending the random-phase approximation for electronic correlation energies: The renormalized adiabatic local density approximation},
  author={Olsen, Thomas and Thygesen, Kristian S},
  journal={Phys. Rev. B},
  volume={86},
  number={8},
  pages={081103},
  year={2012},
  publisher={APS}
}

@article{BLR16,
  title={Nonlocal energy-optimized kernel: Recovering second-order exchange in the homogeneous electron gas},
  author={Bates, Jefferson E and Laricchia, Savio and Ruzsinszky, Adrienn},
  journal={Phys. Rev. B},
  volume={93},
  number={4},
  pages={045119},
  year={2016},
  publisher={APS}
}

@article{W35,
  title={Zur theorie der kernmassen},
  author={Weizs{\"a}cker, CF V},
  journal={Zeitschrift f{\"u}r Physik},
  volume={96},
  number={7-8},
  pages={431--458},
  year={1935},
  publisher={Springer-Verlag}
}

@article{VH72,
  title={A local exchange-correlation potential for the spin polarized case. i},
  author={von Barth, Ulf and Hedin, Lars},
  journal={J. Phys. Condens. Matter},
  volume={5},
  number={13},
  pages={1629},
  year={1972},
  publisher={IOP Publishing},
  note={and references therein}
}

@article{CP07,
  title={Simple dynamic exchange-correlation kernel of a uniform electron gas},
  author={Constantin, Lucian A and Pitarke, JM},
  journal={Phys. Rev. B},
  volume={75},
  number={24},
  pages={245127},
  year={2007},
  publisher={APS}
}

@article{I82,
  title={Strongly coupled plasmas: high-density classical plasmas and degenerate electron liquids},
  author={Ichimaru, Setsuo},
  journal={Rev Mod. Phys.},
  volume={54},
  number={4},
  pages={1017},
  year={1982},
  publisher={APS}
}

@article{STLS68,
  title={Electron correlations at metallic densities},
  author={Singwi, KS and Tosi, MP and Land, RH and Sj{\"o}lander, A},
  journal={Phys. Rev.},
  volume={176},
  number={2},
  pages={589},
  year={1968},
  publisher={APS}
}

@article{QE93,
  title={First-principles evaluation of dynamical response and plasmon dispersion in metals},
  author={Quong, Andrew A and Eguiluz, Adolfo G},
  journal={Phys. Rev. Lett.},
  volume={70},
  number={25},
  pages={3955},
  year={1993},
  publisher={APS}
}

@article{RCP16,
  title={Kernel-corrected random-phase approximation for the uniform electron gas and jellium surface energy},
  author={Ruzsinszky, Adrienn and Constantin, Lucian A and Pitarke, JM},
  journal={Phys. Rev. B},
  volume={94},
  number={16},
  pages={165155},
  year={2016},
  publisher={APS}
}

@article{PO75,
  title={Direct nonvertical interband and intraband transitions in Al},
  author={Petri, E and Otto, A},
  journal={Phys. Rev. Lett.},
  volume={34},
  number={20},
  pages={1283},
  year={1975},
  publisher={APS}
}

@article{FSE97,
  title={One-electron excitations, correlation effects, and the plasmon in cesium metal},
  author={Fleszar, Andrzej and Stumpf, Roland and Eguiluz, Adolfo G},
  journal={Phys. Rev. B},
  volume={55},
  number={4},
  pages={2068},
  year={1997},
  publisher={APS}
}

@article{JP85,
  title={Experimental band structure of Na},
  author={Jensen, E and Plummer, EW},
  journal={Phys. Rev. Lett.},
  volume={55},
  number={18},
  pages={1912},
  year={1985},
  publisher={APS},
  note={; P.H. Citrin et al, ibid. 61, 1021 (1988); B. S. Itchkawitz et al., ibid. 68, 2488 (1993)}
  
}

@article{LB19,
  title={Ab Initio Lifetime and Concomitant Double-Excitation Character of Plasmons at Metallic Densities},
  author={Lewis, Alan M and Berkelbach, Timothy C},
  journal={Phys. Rev. Lett.},
  volume={122},
  number={22},
  pages={226402},
  year={2019},
  publisher={APS}
}

@article{IG87,
  title={Correlation effects on the third-frequency-moment sum rule of electron liquids},
  author={Iwamoto, Naoki and Gross, EKU},
  journal={Phys. Rev. B},
  volume={35},
  number={6},
  pages={3003},
  year={1987},
  publisher={APS}
}

@article{GK85,
  title={Local density-functional theory of frequency-dependent linear response},
  author={Gross, EKU and Kohn, Walter},
  journal={Phys. Rev. Lett.},
  volume={55},
  number={26},
  pages={2850},
  year={1985},
  publisher={APS}
}

@article{LP80,
  title={Theory of nonuniform electronic systems. I. Analysis of the gradient approximation and a generalization that works},
  author={Langreth, David C and Perdew, John P},
  journal={Phys. Rev. B},
  volume={21},
  number={12},
  pages={5469},
  year={1980},
  publisher={APS}
}

@article{DK69,
  title={Electron Correlational Effects on Plasmon Damping and Ultraviolet Absorption in Metals},
  author={DuBois, DF and Kivelson, MG},
  journal={Phys. Rev.},
  volume={186},
  number={2},
  pages={409},
  year={1969},
  publisher={APS}
}

@article{RA94,
  title={Dynamical local-field factors and effective interactions in the three-dimensional electron liquid},
  author={Richardson, CF and Ashcroft, NW},
  journal={Phys. Rev. B},
  volume={50},
  number={12},
  pages={8170},
  year={1994},
  publisher={APS}
}

@article{gpaw1,
Author = {Walter, Michael and H{\"a}kkinen, Hannu and Lehtovaara, Lauri and Puska,
   Martti and Enkovaara, Jussi and Rostgaard, Carsten and Mortensen, Jens
   Jorgen},
Title = {Time-dependent density-functional theory in the projector
   augmented-wave method},
Year = {2008},
Volume = {128},
Pages = {244101},
DOI = {10.1063/1.2943138},
Journal = {J. Chem. Phys.},
}

@Article{gpaw_response,
  title = {Linear density response function in the projector augmented wave method: Applications to solids, surfaces, and interfaces},
  author = {Yan, Jun  and Mortensen, Jens.  J. and Jacobsen, Karsten W. and Thygesen, Kristian S.},
  journal = {Phys. Rev. B},
  volume = {83},
  number = {24},
  pages = {245122},
  year = {2011},
  doi = {10.1103/PhysRevB.83.245122},
}

@Article{ase,
   Author = {S. R. Bahn and K. W. Jacobsen},
   Title = {An object-oriented scripting interface to a legacy electronic structure code},
   Year = {2002},
   Volume = {4},
   Pages = {56-66},
   Journal = {Comput. Sci. Eng.},
   DOI = {10.1109/5992.998641},
}

@article{gpaw2,
Author = {J. J. Mortensen and L. B. Hansen and K. W. Jacobsen},
Title = {Real-space grid implementation of the projector augmented wave method},
Year = {2005},
Volume = {71},
Pages = {035109},
DOI = {10.1103/PhysRevB.71.035109},
Journal = {Phys. Rev. B},
}

@article{B94,
  title = {Projector augmented-wave method},
  author = {Bl\"{o}chl, P. E.},
  journal = {Phys. Rev. B},
  volume = {50},
  pages = {17953--17979},
  year = {1994},
  doi = {10.1103/PhysRevB.50.17953},
}

@article{NRB18,
  title = {Rocksalt or cesium chloride: Investigating the relative stability of the cesium halide structures with random phase approximation based methods},
  author = {Nepal, Niraj K. and Ruzsinszky, Adrienn and Bates, Jefferson E.},
  journal = {Phys. Rev. B},
  volume = {97},
  issue = {11},
  pages = {115140},
  numpages = {9},
  year = {2018},
  month = {Mar},
  publisher = {American Physical Society},
  doi = {10.1103/PhysRevB.97.115140},
  url = {https://link.aps.org/doi/10.1103/PhysRevB.97.115140}
}

@article{NABR19,
  title = {Treating different bonding situations: Revisiting Au-Cu alloys using the random phase approximation},
  author = {Nepal, Niraj K. and Adhikari, Santosh and Bates, Jefferson E. and Ruzsinszky, Adrienn},
  journal = {Phys. Rev. B},
  volume = {100},
  issue = {4},
  pages = {045135},
  numpages = {7},
  year = {2019},
  month = {Jul},
  publisher = {American Physical Society},
  doi = {10.1103/PhysRevB.100.045135},
  url = {https://link.aps.org/doi/10.1103/PhysRevB.100.045135}
}

@article{SGK13,
  title = {Lattice constants and cohesive energies of alkali, alkaline-earth, and transition metals: Random phase approximation and density functional theory results},
  author = {Schimka, Laurids and Gaudoin, Ren\'e and Klime\ifmmode \check{s}\else \v{s}\fi{}, Ji\ifmmode \check{r}\else \v{r}\fi{}\'{\i} and Marsman, Martijn and Kresse, Georg},
  journal = {Phys. Rev. B},
  volume = {87},
  issue = {21},
  pages = {214102},
  numpages = {8},
  year = {2013},
  month = {Jun},
  publisher = {American Physical Society},
  doi = {10.1103/PhysRevB.87.214102},
  url = {https://link.aps.org/doi/10.1103/PhysRevB.87.214102}
}

@article{HSK10,
  title = {Assessing the quality of the random phase approximation for lattice constants and atomization energies of solids},
  author = {Harl, Judith and Schimka, Laurids and Kresse, Georg},
  journal = {Phys. Rev. B},
  volume = {81},
  issue = {11},
  pages = {115126},
  numpages = {18},
  year = {2010},
  month = {Mar},
  publisher = {American Physical Society},
  doi = {10.1103/PhysRevB.81.115126},
  url = {https://link.aps.org/doi/10.1103/PhysRevB.81.115126}
}

@BOOK{AM05,
  title={Solid State Physics (Holt, Rinehart and Winston, New York, 1976)},
  author={Ashcroft, Neil W and Mermin, N David},
  journal={Google Scholar},
  year={2005}
}

@book{U11,
  title={Time-dependent density-functional theory: concepts and applications},
  author={Ullrich, Carsten A},
  year={2011},
  publisher={OUP Oxford}
}

@book{GV05,
  title={Quantum theory of the electron liquid},
  author={Giuliani, Gabriele and Vignale, Giovanni},
  year={2005},
  publisher={Cambridge university press}
}

@article{VK96,
  title={Current-dependent exchange-correlation potential for dynamical linear response theory},
  author={Vignale, Giovanni and Kohn, Walter},
  journal={Phys. Rev. Lett.},
  volume={77},
  number={10},
  pages={2037},
  year={1996},
  publisher={APS}
}

@article{VUC97,
  title={Time-dependent density functional theory beyond the adiabatic local density approximation},
  author={Vignale, Giovanni and Ullrich, Carsten A and Conti, Sergio},
  journal={Phys. Rev. Lett.},
  volume={79},
  number={24},
  pages={4878},
  year={1997},
  publisher={APS}
}

@article{UV02,
  title={Time-dependent current-density-functional theory for the linear response of weakly disordered systems},
  author={Ullrich, Carsten A and Vignale, Giovanni},
  journal={Phys. Rev. B},
  volume={65},
  number={24},
  pages={245102},
  year={2002},
  publisher={APS}
}

@misc{RNPP,
    title={Constraint-based Wavevector- and Frequency-dependent Exchange-Correlation Kernel of the Uniform Electron Gas},
    author={Adrienn Ruzsinszky and Niraj K. Nepal and J. M. Pitarke and John P. Perdew},
    year={2020},
    eprint={2004.09324},
    archivePrefix={arXiv},
    primaryClass={physics.chem-ph}
}


